
@article{Conev2020,
  doi = {10.1089/ten.tea.2020.0191},
  url = {https://doi.org/10.1089/ten.tea.2020.0191},
  year = {2020},
  month = dec,
  publisher = {Mary Ann Liebert Inc},
  volume = {26},
  number = {23-24},
  pages = {1359--1368},
  author = {Anja Conev and Eleni E. Litsa and Marissa R. Perez and Mani Diba and Antonios G. Mikos and Lydia E. Kavraki},
  title = {Machine Learning-Guided Three-Dimensional Printing of Tissue Engineering Scaffolds},
  journal = {Tissue Engineering Part A}
}

@article{Conev2022,
  doi = {10.1038/s41598-022-14526-x},
  url = {https://doi.org/10.1038/s41598-022-14526-x},
  year = {2022},
  month = jun,
  publisher = {Springer Science and Business Media {LLC}},
  volume = {12},
  number = {1},
  author = {Anja Conev and Didier Devaurs and Mauricio Menegatti Rigo and Dinler Amaral Antunes and Lydia E. Kavraki},
  title = {3pHLA-score improves structure-based peptide-{HLA} binding affinity prediction},
  journal = {Scientific Reports},
  note = {Featured in the collection: ["Top 100 in Chemistry - 2022"](https://www.nature.com/collections/jigiddbdcf) }
}

@article{Rigo2022,
  doi = {10.3389/fimmu.2022.931155},
  url = {https://doi.org/10.3389/fimmu.2022.931155},
  year = {2022},
  month = jul,
  publisher = {Frontiers Media {SA}},
  volume = {13},
  author = {Mauricio Menegatti Rigo and Romanos Fasoulis and Anja Conev and Sarah Hall-Swan and Dinler Amaral Antunes and Lydia E. Kavraki},
  title = {{SARS}-Arena: Sequence and Structure-Guided Selection of Conserved Peptides from {SARS}-related Coronaviruses for Novel Vaccine Development},
  journal = {Frontiers in Immunology}
}

@article{Antunes2020,
  doi = {10.1200/cci.19.00123},
  url = {https://doi.org/10.1200/cci.19.00123},
  year = {2020},
  month = nov,
  publisher = {American Society of Clinical Oncology ({ASCO})},
  number = {4},
  pages = {623--636},
  author = {Dinler A. Antunes and Jayvee R. Abella and Sarah Hall-Swan and Didier Devaurs and Anja Conev and Mark Moll and Gregory Liz{\'{e}}e and Lydia E. Kavraki},
  title = {{HLA}-Arena: A Customizable Environment for the Structural Modeling and Analysis of Peptide-{HLA} Complexes for Cancer Immunotherapy},
  journal = {{JCO} Clinical Cancer Informatics}
}

@article{petnicasvracci,
	title = {Stage and Sex Structure of
Red-Backed Shrike (Lanius collurio
Linnaeus, 1758) Nesting Groups on
the Territory of Petnica village},
	volume = {72},
	url = {https://esveske.github.io/pdf/2013/BIO1306.pdf},
	journal = {Petnica Science Center Students' Projects},
	author = {Sajkunic, Sanja and Anja Conev},
	month = july,
	year = {2013},
	pages = {250--253},
}

@article{petnicadroze,
	title = {The Effect of Lead on Fitness Components in D.
subobscura},
	volume = {72},
	url = {https://esveske.github.io/pdf/2013/BIO1306.pdf},
	journal = {Petnica Science Center Students' Projects},
	author = {Sajkunic, Sanja and Anja Conev},
	month = july,
	year = {2013},
	pages = {223--231},
}
